<?xml version="1.0" encoding="UTF-8"?><collection><record><leader>06327ntm a2200529 a 4500</leader><controlfield tag="001">006803910</controlfield><controlfield tag="003">MiAaHDL</controlfield><controlfield tag="005">20190719000000.0</controlfield><controlfield tag="006">m        d        </controlfield><controlfield tag="007">cr bn ---auaua</controlfield><controlfield tag="008">090527s1704    xx            00| ||ara d</controlfield><datafield tag="035" ind1=" " ind2=" "><subfield code="a">(MiU)006803910</subfield></datafield><datafield tag="035" ind1=" " ind2=" "><subfield code="a">sdr-miu006803910</subfield></datafield><datafield tag="040" ind1=" " ind2=" "><subfield code="a">MiU</subfield><subfield code="c">MiU</subfield><subfield code="e">amremm</subfield></datafield><datafield tag="043" ind1=" " ind2=" "><subfield code="a">n-us-mi</subfield></datafield><datafield tag="100" ind1="1" ind2=" "><subfield code="6">880-01</subfield><subfield code="a">ʻAynī, Badr al-Dīn Maḥmūd ibn Aḥmad,</subfield><subfield code="d">1361-1451.</subfield></datafield><datafield tag="245" ind1="1" ind2="0"><subfield code="6">880-02</subfield><subfield code="a">Minḥat al-sulūk sharḥ Tuḥfat al-mulūk,</subfield><subfield code="f">[1116, i.e. 1704].</subfield></datafield><datafield tag="246" ind1="3" ind2=" "><subfield code="6">880-03</subfield><subfield code="i">From inscription on fol.1a:</subfield><subfield code="a">Sharḥ Tuḥfat al-mulūk</subfield></datafield><datafield tag="260" ind1=" " ind2=" "><subfield code="c">[1704].</subfield></datafield><datafield tag="300" ind1=" " ind2=" "><subfield code="a">123 leaves :</subfield><subfield code="b">paper ;</subfield><subfield code="c">248 x 140 (185 x 85) bound to 250 x 142 mm.</subfield></datafield><datafield tag="500" ind1=" " ind2=" "><subfield code="a">Shelfmark: Ann Arbor, University of Michigan, Special Collections Library, Isl. Ms. 567</subfield></datafield><datafield tag="500" ind1=" " ind2=" "><subfield code="a">Origin: As appears in colophon on fol.123a, copying completed ("kāna al-farāgh min hādhihi al-nuskhah al-mubārakah...") mid-afternoon Thursday, 22 Rabīʻ I 1116 [ca. 25 July 1704]. Copyist is not named.</subfield></datafield><datafield tag="500" ind1=" " ind2=" "><subfield code="a">Accompanying materials: a. Inventory cataloguing slip in hand of Winifred Smeaton Thomas. -- b. Acquisitions slip from Yahuda.</subfield></datafield><datafield tag="500" ind1=" " ind2=" "><subfield code="a">Former shelfmark: From pasted label on lower cover and inscription on front flyleaf "IL 360" (likely supplied by Yahuda).</subfield></datafield><datafield tag="500" ind1=" " ind2=" "><subfield code="a">Binding: Pasteboards covered in red leather; Type III binding (without flap); upper and lower covers carry simple blind-tooled and scored lines; doublures of block-printed paper with lined floral pattern in green and pink; pasted label with shelfmark; in fair to good condition.</subfield></datafield><datafield tag="500" ind1=" " ind2=" "><subfield code="a">Support: non-European (likely Persian) laid paper; somewhat thin with many undissolved fibers; laid lines running horizontally and spaced roughly 6-7 laid lines per cm. and no chain lines visible; leaves of final quire appear to be of a different laid paper with laid lines running vertically and spaced roughly 8-9 laid lines per cm.; flyleaves of heavier laid paper.</subfield></datafield><datafield tag="500" ind1=" " ind2=" "><subfield code="a">Decoration: Text of matn rubricated with sharḥ in black ; also words such "قلت" and "فان قلت" marking the dialogic relationship between this gloss and text and some overlinings in red.</subfield></datafield><datafield tag="500" ind1=" " ind2=" "><subfield code="a">Script: Naskh ; mainly fine, neat Persianate hand with a very slight tilt to the left, swooping tails of final nūn, etc. and mostly closed counters, partially seriffed with lām of definite article occasionlly bearing right sloping head serif, alif of lām alif ligature occasionally bearining left sloping head serif, etc., upward-spiraling hāh mudghamah (muʻallaqah) found occasionally throughout, kāf mashkūlah preferred ; at fol.62b and fol.82b, line and thickness changes though same hand apparent ; hand changes at fol.106a and final leaves (including colophon) are supplied in a nastaʻlīq.</subfield></datafield><datafield tag="500" ind1=" " ind2=" "><subfield code="a">Layout: Written in 25 lines per page.</subfield></datafield><datafield tag="500" ind1=" " ind2=" "><subfield code="a">Collation: 12 V (120), I+1 (123); chiefly quinions followed by a binion with added singleton; traces of quire numbering in the form of full words on the upper outer margin of the recto of the first folio of certain quires; catchwords present; pagination in pencil, Western numerals (referenced in cataloguing).</subfield></datafield><datafield tag="500" ind1=" " ind2=" "><subfield code="a">Colophon: "Authorial" followed by "Scribal," rectangular, reads: "قال مصنفه وهذا اخر ما كتبناه في شرح الكتاب بعون الله الملك الوهاب والحمد لله رب العالمين وصلى الله على سيدنا محمد واله وصحبه اجمعين وسلم تسليما كثيرا وكان الفراغ من هذه النسخة المباركة يوم الخميس وقت العصر في شهر ربيع الاول عدد ايام الشهر ٢٢ في سنة ١١١٦"</subfield></datafield><datafield tag="500" ind1=" " ind2=" "><subfield code="a">Explicit: "وهو مولانا فنعم المولى ونعم النصير وهو على كل شيء قدير"</subfield></datafield><datafield tag="500" ind1=" " ind2=" "><subfield code="a">Incipit: "وبه ثقتي ان اجري ما يملي في تباشير الخطب والدبابيج واحسن ما يتلي في صحائف مصابيح الدياجير والدبابيج [كذا] ... اما بعد فان العبد الفقير الى ربه الغني ابا محمد محمود بن احمد بن العيني ... يقول لما وقعت في الديار المصرية ... ورايت الترك منكبتين على المختصر الموسوم بتحفة الملوك ... وانه محتاج الى الشرح والايضاح والبيان والافصاح اردت ان ادون له شرحا ... مترجما بكتاب منحة السلوك شرح تحفة الملوك"</subfield></datafield><datafield tag="500" ind1=" " ind2=" "><subfield code="a">Title from opening on fol.1b-2a.</subfield></datafield><datafield tag="500" ind1=" " ind2=" "><subfield code="a">Ms. codex.</subfield></datafield><datafield tag="510" ind1="4" ind2=" "><subfield code="a">Hajji Khalifah. Kashf al-ẓunūn,</subfield><subfield code="c">ii 240, no.2673</subfield></datafield><datafield tag="510" ind1="4" ind2=" "><subfield code="a">Brockelmann, C. GAL,</subfield><subfield code="c">I, 383 ; II, 53</subfield></datafield><datafield tag="520" ind1="8" ind2=" "><subfield code="a">Commentary on Tuḥfat al-mulūk, al-Rāzī's treatise on Ḥanafī law.</subfield></datafield><datafield tag="538" ind1=" " ind2=" "><subfield code="a">Mode of access: Internet.</subfield></datafield><datafield tag="541" ind1=" " ind2=" "><subfield code="a">Acquired in 1926 from the bookseller Isaac Benjamin S.E. Yahuda via purchase transacted on his behalf by Abraham Shalom Yahuda (1877-1951), his younger brother.</subfield></datafield><datafield tag="546" ind1=" " ind2=" "><subfield code="a">Arabic.</subfield></datafield><datafield tag="561" ind1=" " ind2=" "><subfield code="a">On fol.1a, partially obscured ownership statement in black ink dated 1246 [1830 or 1831] in name of al-Ḥājj Ṣāliḥ Bīk, son of Sulaymān Bāshā of Baghdād (Salih Bey b. Süleyman Paşa) and accompanied by trace of seal impression reads: "من من من من على عبد الفقير اليه جل شانه الحاج صالح بك نجل المرحوم المغفور ... سليمان باشا ببغداد عفي ... سنة ١٢٤٦" ; prayer inscribed on fol.1a; seems that additional inscriptions are obscured due to the folio bearing the incipit page (here marked p.2 or fol.1b) having been adhered to the preceding flyleaf (here marked p.1 or fol.1a); marginal corrections (including omissions, etc.) and glosses in several hands.</subfield></datafield><datafield tag="600" ind1="1" ind2="0"><subfield code="a">Rāzī, Muḥammad ibn Abī Bakr,</subfield><subfield code="d">fl. 1261.</subfield><subfield code="t">Tuḥfat al-mulūk.</subfield></datafield><datafield tag="650" ind1=" " ind2="0"><subfield code="a">Manuscripts, Arabic</subfield><subfield code="z">Michigan</subfield><subfield code="z">Ann Arbor.</subfield></datafield><datafield tag="650" ind1=" " ind2="0"><subfield code="a">Hanafites</subfield><subfield code="v">Early works to 1800.</subfield></datafield><datafield tag="650" ind1=" " ind2="0"><subfield code="a">Islamic law</subfield><subfield code="v">Early works to 1800.</subfield></datafield><datafield tag="773" ind1="0" ind2=" "><subfield code="a">Yahuda Collection.</subfield></datafield><datafield tag="880" ind1="3" ind2=" "><subfield code="6">246-03/</subfield><subfield code="a">شرح تحفة الملوك</subfield></datafield><datafield tag="880" ind1="1" ind2="0"><subfield code="6">245-02/</subfield><subfield code="a">منحة السلوك شرح تحفة الملوك,</subfield><subfield code="f">[1116ه، 1704م].</subfield></datafield><datafield tag="880" ind1="1" ind2=" "><subfield code="6">100-01/</subfield><subfield code="a">عيني, بدر الدين محمود بن احمد.</subfield></datafield><datafield tag="CID" ind1=" " ind2=" "><subfield code="a">006803910</subfield></datafield><datafield tag="DAT" ind1="0" ind2=" "><subfield code="a">20190719102636.0</subfield><subfield code="b">20190719000000.0</subfield></datafield><datafield tag="DAT" ind1="1" ind2=" "><subfield code="a">20190719090653.0</subfield><subfield code="b">2019-07-19T16:11:34Z</subfield></datafield><datafield tag="DAT" ind1="2" ind2=" "><subfield code="a">2019-02-15T19:00:02Z</subfield></datafield><datafield tag="CAT" ind1=" " ind2=" "><subfield code="a">SDR-MIU</subfield><subfield code="d">EX LIBRIS - ALEPH</subfield><subfield code="l">prepare.pl-004-008</subfield></datafield><datafield tag="FMT" ind1=" " ind2=" "><subfield code="a">BK</subfield></datafield><datafield tag="HOL" ind1=" " ind2=" "><subfield code="0">sdr-miu006803910</subfield><subfield code="a">MiU</subfield><subfield code="b">SDR</subfield><subfield code="c">MIU</subfield><subfield code="p">mdp.39015079126622</subfield><subfield code="s">MIU</subfield><subfield code="1">006803910</subfield></datafield><datafield tag="974" ind1=" " ind2=" "><subfield code="b">MIU</subfield><subfield code="c">MIU</subfield><subfield code="d">20190719</subfield><subfield code="s">lit-dlps-dc</subfield><subfield code="u">mdp.39015079126622</subfield><subfield code="y">1704</subfield><subfield code="r">pd</subfield><subfield code="q">bib</subfield><subfield code="t">non-US bib date1 &lt; 1896</subfield></datafield></record></collection>